%YAML 1.1
%TAG !u! tag:unity3d.com,2011:
--- !u!29 &1
OcclusionCullingSettings:
  m_ObjectHideFlags: 0
  serializedVersion: 2
  m_OcclusionBakeSettings:
    smallestOccluder: 5
    smallestHole: 0.25
    backfaceThreshold: 100
  m_SceneGUID: 00000000000000000000000000000000
  m_OcclusionCullingData: {fileID: 0}
--- !u!104 &2
RenderSettings:
  m_ObjectHideFlags: 0
  serializedVersion: 8
  m_Fog: 0
  m_FogColor: {r: 0.5, g: 0.5, b: 0.5, a: 1}
  m_FogMode: 3
  m_FogDensity: 0.01
  m_LinearFogStart: 0
  m_LinearFogEnd: 300
  m_AmbientSkyColor: {r: 0.212, g: 0.227, b: 0.259, a: 1}
  m_AmbientEquatorColor: {r: 0.114, g: 0.125, b: 0.133, a: 1}
  m_AmbientGroundColor: {r: 0.047, g: 0.043, b: 0.035, a: 1}
  m_AmbientIntensity: 1
  m_AmbientMode: 0
  m_SubtractiveShadowColor: {r: 0.42, g: 0.478, b: 0.627, a: 1}
  m_SkyboxMaterial: {fileID: 10304, guid: 0000000000000000f000000000000000, type: 0}
  m_HaloStrength: 0.5
  m_FlareStrength: 1
  m_FlareFadeSpeed: 3
  m_HaloTexture: {fileID: 0}
  m_SpotCookie: {fileID: 10001, guid: 0000000000000000e000000000000000, type: 0}
  m_DefaultReflectionMode: 0
  m_DefaultReflectionResolution: 128
  m_ReflectionBounces: 1
  m_ReflectionIntensity: 1
  m_CustomReflection: {fileID: 0}
  m_Sun: {fileID: 0}
  m_IndirectSpecularColor: {r: 0.44657874, g: 0.49641252, b: 0.574817, a: 1}
--- !u!157 &3
LightmapSettings:
  m_ObjectHideFlags: 0
  serializedVersion: 9
  m_GIWorkflowMode: 0
  m_GISettings:
    serializedVersion: 2
    m_BounceScale: 1
    m_IndirectOutputScale: 1
    m_AlbedoBoost: 1
    m_TemporalCoherenceThreshold: 1
    m_EnvironmentLightingMode: 0
    m_EnableBakedLightmaps: 1
    m_EnableRealtimeLightmaps: 1
  m_LightmapEditorSettings:
    serializedVersion: 8
    m_Resolution: 2
    m_BakeResolution: 40
    m_TextureWidth: 1024
    m_TextureHeight: 1024
    m_AO: 0
    m_AOMaxDistance: 1
    m_CompAOExponent: 1
    m_CompAOExponentDirect: 0
    m_Padding: 2
    m_LightmapParameters: {fileID: 0}
    m_LightmapsBakeMode: 1
    m_TextureCompression: 1
    m_FinalGather: 0
    m_FinalGatherFiltering: 1
    m_FinalGatherRayCount: 256
    m_ReflectionCompression: 2
    m_MixedBakeMode: 2
    m_BakeBackend: 0
    m_PVRSampling: 1
    m_PVRDirectSampleCount: 32
    m_PVRSampleCount: 500
    m_PVRBounces: 2
    m_PVRFiltering: 0
    m_PVRFilteringMode: 1
    m_PVRCulling: 1
    m_PVRFilteringGaussRadiusDirect: 1
    m_PVRFilteringGaussRadiusIndirect: 5
    m_PVRFilteringGaussRadiusAO: 2
    m_PVRFilteringAtrousColorSigma: 1
    m_PVRFilteringAtrousNormalSigma: 1
    m_PVRFilteringAtrousPositionSigma: 1
  m_LightingDataAsset: {fileID: 0}
  m_ShadowMaskMode: 2
--- !u!196 &4
NavMeshSettings:
  serializedVersion: 2
  m_ObjectHideFlags: 0
  m_BuildSettings:
    serializedVersion: 2
    agentTypeID: 0
    agentRadius: 0.5
    agentHeight: 2
    agentSlope: 45
    agentClimb: 0.4
    ledgeDropHeight: 0
    maxJumpAcrossDistance: 0
    minRegionArea: 2
    manualCellSize: 0
    cellSize: 0.16666667
    manualTileSize: 0
    tileSize: 256
    accuratePlacement: 0
  m_NavMeshData: {fileID: 0}
--- !u!1 &417112674
GameObject:
  m_ObjectHideFlags: 0
  m_PrefabParentObject: {fileID: 1943776334366746, guid: 5c12c195dfa93f0409146f9ac21ff5a6,
    type: 2}
  m_PrefabInternal: {fileID: 0}
  serializedVersion: 5
  m_Component:
  - component: {fileID: 417112675}
  - component: {fileID: 417112677}
  - component: {fileID: 417112676}
  m_Layer: 5
  m_Name: TextReason
  m_TagString: Untagged
  m_Icon: {fileID: 0}
  m_NavMeshLayer: 0
  m_StaticEditorFlags: 0
  m_IsActive: 1
--- !u!224 &417112675
RectTransform:
  m_ObjectHideFlags: 0
  m_PrefabParentObject: {fileID: 224886408151692454, guid: 5c12c195dfa93f0409146f9ac21ff5a6,
    type: 2}
  m_PrefabInternal: {fileID: 0}
  m_GameObject: {fileID: 417112674}
  m_LocalRotation: {x: -0, y: -0, z: -0, w: 1}
  m_LocalPosition: {x: 0, y: 0, z: 0}
  m_LocalScale: {x: 1, y: 1, z: 1}
  m_Children: []
  m_Father: {fileID: 468834190}
  m_RootOrder: 0
  m_LocalEulerAnglesHint: {x: 0, y: 0, z: 0}
  m_AnchorMin: {x: 0.5, y: 0.5}
  m_AnchorMax: {x: 0.5, y: 0.5}
  m_AnchoredPosition: {x: 0, y: 0}
  m_SizeDelta: {x: 400, y: 80}
  m_Pivot: {x: 0.5, y: 0.5}
--- !u!114 &417112676
MonoBehaviour:
  m_ObjectHideFlags: 0
  m_PrefabParentObject: {fileID: 114094153505122452, guid: 5c12c195dfa93f0409146f9ac21ff5a6,
    type: 2}
  m_PrefabInternal: {fileID: 0}
  m_GameObject: {fileID: 417112674}
  m_Enabled: 1
  m_EditorHideFlags: 0
  m_Script: {fileID: 708705254, guid: f70555f144d8491a825f0804e09c671c, type: 3}
  m_Name: 
  m_EditorClassIdentifier: 
  m_Material: {fileID: 0}
  m_Color: {r: 0.07058824, g: 0.60784316, b: 0.94509804, a: 1}
  m_RaycastTarget: 1
  m_OnCullStateChanged:
    m_PersistentCalls:
      m_Calls: []
    m_TypeName: UnityEngine.UI.MaskableGraphic+CullStateChangedEvent, UnityEngine.UI,
      Version=1.0.0.0, Culture=neutral, PublicKeyToken=null
  m_FontData:
    m_Font: {fileID: 12800000, guid: ccd49eeea242b9d49b0a1ddc532c6f75, type: 3}
    m_FontSize: 45
    m_FontStyle: 1
    m_BestFit: 0
    m_MinSize: 0
    m_MaxSize: 90
    m_Alignment: 4
    m_AlignByGeometry: 0
    m_RichText: 1
    m_HorizontalOverflow: 0
    m_VerticalOverflow: 0
    m_LineSpacing: 1
  m_Text: OUT OF TIME!
--- !u!222 &417112677
CanvasRenderer:
  m_ObjectHideFlags: 0
  m_PrefabParentObject: {fileID: 222220443184196638, guid: 5c12c195dfa93f0409146f9ac21ff5a6,
    type: 2}
  m_PrefabInternal: {fileID: 0}
  m_GameObject: {fileID: 417112674}
--- !u!1 &468834189
GameObject:
  m_ObjectHideFlags: 0
  m_PrefabParentObject: {fileID: 1150355984172986, guid: 5c12c195dfa93f0409146f9ac21ff5a6,
    type: 2}
  m_PrefabInternal: {fileID: 0}
  serializedVersion: 5
  m_Component:
  - component: {fileID: 468834190}
  - component: {fileID: 468834192}
  - component: {fileID: 468834191}
  m_Layer: 5
  m_Name: BaseTextReason
  m_TagString: Untagged
  m_Icon: {fileID: 0}
  m_NavMeshLayer: 0
  m_StaticEditorFlags: 0
  m_IsActive: 1
--- !u!224 &468834190
RectTransform:
  m_ObjectHideFlags: 0
  m_PrefabParentObject: {fileID: 224571217564078686, guid: 5c12c195dfa93f0409146f9ac21ff5a6,
    type: 2}
  m_PrefabInternal: {fileID: 0}
  m_GameObject: {fileID: 468834189}
  m_LocalRotation: {x: -0, y: -0, z: -0, w: 1}
  m_LocalPosition: {x: 0, y: 0, z: 0}
  m_LocalScale: {x: 1, y: 1, z: 1}
  m_Children:
  - {fileID: 417112675}
  m_Father: {fileID: 1719420145}
  m_RootOrder: 5
  m_LocalEulerAnglesHint: {x: 0, y: 0, z: 0}
  m_AnchorMin: {x: 0.5, y: 1}
  m_AnchorMax: {x: 0.5, y: 1}
  m_AnchoredPosition: {x: 0, y: -249.99998}
  m_SizeDelta: {x: 400, y: 80}
  m_Pivot: {x: 0.5, y: 0.5}
--- !u!114 &468834191
MonoBehaviour:
  m_ObjectHideFlags: 0
  m_PrefabParentObject: {fileID: 114662301454189982, guid: 5c12c195dfa93f0409146f9ac21ff5a6,
    type: 2}
  m_PrefabInternal: {fileID: 0}
  m_GameObject: {fileID: 468834189}
  m_Enabled: 1
  m_EditorHideFlags: 0
  m_Script: {fileID: -765806418, guid: f70555f144d8491a825f0804e09c671c, type: 3}
  m_Name: 
  m_EditorClassIdentifier: 
  m_Material: {fileID: 0}
  m_Color: {r: 0, g: 0, b: 0, a: 0.39215687}
  m_RaycastTarget: 1
  m_OnCullStateChanged:
    m_PersistentCalls:
      m_Calls: []
    m_TypeName: UnityEngine.UI.MaskableGraphic+CullStateChangedEvent, UnityEngine.UI,
      Version=1.0.0.0, Culture=neutral, PublicKeyToken=null
  m_Sprite: {fileID: 0}
  m_Type: 0
  m_PreserveAspect: 0
  m_FillCenter: 1
  m_FillMethod: 4
  m_FillAmount: 1
  m_FillClockwise: 1
  m_FillOrigin: 0
--- !u!222 &468834192
CanvasRenderer:
  m_ObjectHideFlags: 0
  m_PrefabParentObject: {fileID: 222663452782426498, guid: 5c12c195dfa93f0409146f9ac21ff5a6,
    type: 2}
  m_PrefabInternal: {fileID: 0}
  m_GameObject: {fileID: 468834189}
--- !u!1 &523154226
GameObject:
  m_ObjectHideFlags: 0
  m_PrefabParentObject: {fileID: 1041582792231570, guid: 5c12c195dfa93f0409146f9ac21ff5a6,
    type: 2}
  m_PrefabInternal: {fileID: 0}
  serializedVersion: 5
  m_Component:
  - component: {fileID: 523154227}
  - component: {fileID: 523154229}
  - component: {fileID: 523154228}
  m_Layer: 5
  m_Name: TextGameOver
  m_TagString: Untagged
  m_Icon: {fileID: 0}
  m_NavMeshLayer: 0
  m_StaticEditorFlags: 0
  m_IsActive: 1
--- !u!224 &523154227
RectTransform:
  m_ObjectHideFlags: 0
  m_PrefabParentObject: {fileID: 224873510257175108, guid: 5c12c195dfa93f0409146f9ac21ff5a6,
    type: 2}
  m_PrefabInternal: {fileID: 0}
  m_GameObject: {fileID: 523154226}
  m_LocalRotation: {x: -0, y: -0, z: -0, w: 1}
  m_LocalPosition: {x: 0, y: 0, z: 0}
  m_LocalScale: {x: 1, y: 1, z: 1}
  m_Children: []
  m_Father: {fileID: 998158926}
  m_RootOrder: 0
  m_LocalEulerAnglesHint: {x: 0, y: 0, z: 0}
  m_AnchorMin: {x: 0.5, y: 0.5}
  m_AnchorMax: {x: 0.5, y: 0.5}
  m_AnchoredPosition: {x: 0, y: 0}
  m_SizeDelta: {x: 600, y: 130}
  m_Pivot: {x: 0.5, y: 0.5}
--- !u!114 &523154228
MonoBehaviour:
  m_ObjectHideFlags: 0
  m_PrefabParentObject: {fileID: 114357187095848752, guid: 5c12c195dfa93f0409146f9ac21ff5a6,
    type: 2}
  m_PrefabInternal: {fileID: 0}
  m_GameObject: {fileID: 523154226}
  m_Enabled: 1
  m_EditorHideFlags: 0
  m_Script: {fileID: 708705254, guid: f70555f144d8491a825f0804e09c671c, type: 3}
  m_Name: 
  m_EditorClassIdentifier: 
  m_Material: {fileID: 0}
  m_Color: {r: 1, g: 0.2784314, b: 0.7607843, a: 1}
  m_RaycastTarget: 1
  m_OnCullStateChanged:
    m_PersistentCalls:
      m_Calls: []
    m_TypeName: UnityEngine.UI.MaskableGraphic+CullStateChangedEvent, UnityEngine.UI,
      Version=1.0.0.0, Culture=neutral, PublicKeyToken=null
  m_FontData:
    m_Font: {fileID: 12800000, guid: ccd49eeea242b9d49b0a1ddc532c6f75, type: 3}
    m_FontSize: 90
    m_FontStyle: 1
    m_BestFit: 0
    m_MinSize: 0
    m_MaxSize: 90
    m_Alignment: 4
    m_AlignByGeometry: 0
    m_RichText: 1
    m_HorizontalOverflow: 0
    m_VerticalOverflow: 0
    m_LineSpacing: 1
  m_Text: GAME OVER
--- !u!222 &523154229
CanvasRenderer:
  m_ObjectHideFlags: 0
  m_PrefabParentObject: {fileID: 222351053117744462, guid: 5c12c195dfa93f0409146f9ac21ff5a6,
    type: 2}
  m_PrefabInternal: {fileID: 0}
  m_GameObject: {fileID: 523154226}
--- !u!1 &624337928
GameObject:
  m_ObjectHideFlags: 0
  m_PrefabParentObject: {fileID: 1316588345607398, guid: 5c12c195dfa93f0409146f9ac21ff5a6,
    type: 2}
  m_PrefabInternal: {fileID: 0}
  serializedVersion: 5
  m_Component:
  - component: {fileID: 624337929}
  - component: {fileID: 624337931}
  - component: {fileID: 624337930}
  m_Layer: 5
  m_Name: BaseRetry
  m_TagString: Untagged
  m_Icon: {fileID: 0}
  m_NavMeshLayer: 0
  m_StaticEditorFlags: 0
  m_IsActive: 1
--- !u!224 &624337929
RectTransform:
  m_ObjectHideFlags: 0
  m_PrefabParentObject: {fileID: 224110828201711178, guid: 5c12c195dfa93f0409146f9ac21ff5a6,
    type: 2}
  m_PrefabInternal: {fileID: 0}
  m_GameObject: {fileID: 624337928}
  m_LocalRotation: {x: -0, y: -0, z: -0, w: 1}
  m_LocalPosition: {x: 0, y: 0, z: 0}
  m_LocalScale: {x: 1, y: 1, z: 1}
  m_Children:
  - {fileID: 1463865476}
  m_Father: {fileID: 1719420145}
  m_RootOrder: 2
  m_LocalEulerAnglesHint: {x: 0, y: 0, z: 0}
  m_AnchorMin: {x: 0.5, y: 0.5}
  m_AnchorMax: {x: 0.5, y: 0.5}
  m_AnchoredPosition: {x: -235, y: -50}
  m_SizeDelta: {x: 400, y: 80}
  m_Pivot: {x: 0.5, y: 0.5}
--- !u!114 &624337930
MonoBehaviour:
  m_ObjectHideFlags: 0
  m_PrefabParentObject: {fileID: 114114676572590724, guid: 5c12c195dfa93f0409146f9ac21ff5a6,
    type: 2}
  m_PrefabInternal: {fileID: 0}
  m_GameObject: {fileID: 624337928}
  m_Enabled: 1
  m_EditorHideFlags: 0
  m_Script: {fileID: -765806418, guid: f70555f144d8491a825f0804e09c671c, type: 3}
  m_Name: 
  m_EditorClassIdentifier: 
  m_Material: {fileID: 0}
  m_Color: {r: 0, g: 0, b: 0, a: 0.39215687}
  m_RaycastTarget: 1
  m_OnCullStateChanged:
    m_PersistentCalls:
      m_Calls: []
    m_TypeName: UnityEngine.UI.MaskableGraphic+CullStateChangedEvent, UnityEngine.UI,
      Version=1.0.0.0, Culture=neutral, PublicKeyToken=null
  m_Sprite: {fileID: 0}
  m_Type: 0
  m_PreserveAspect: 0
  m_FillCenter: 1
  m_FillMethod: 4
  m_FillAmount: 1
  m_FillClockwise: 1
  m_FillOrigin: 0
--- !u!222 &624337931
CanvasRenderer:
  m_ObjectHideFlags: 0
  m_PrefabParentObject: {fileID: 222098379690476364, guid: 5c12c195dfa93f0409146f9ac21ff5a6,
    type: 2}
  m_PrefabInternal: {fileID: 0}
  m_GameObject: {fileID: 624337928}
--- !u!1 &735299439
GameObject:
  m_ObjectHideFlags: 0
  m_PrefabParentObject: {fileID: 1939935803329974, guid: 5c12c195dfa93f0409146f9ac21ff5a6,
    type: 2}
  m_PrefabInternal: {fileID: 0}
  serializedVersion: 5
  m_Component:
  - component: {fileID: 735299441}
  - component: {fileID: 735299440}
  m_Layer: 0
  m_Name: Directional Light
  m_TagString: Untagged
  m_Icon: {fileID: 0}
  m_NavMeshLayer: 0
  m_StaticEditorFlags: 0
  m_IsActive: 1
--- !u!108 &735299440
Light:
  m_ObjectHideFlags: 0
  m_PrefabParentObject: {fileID: 108738304390191450, guid: 5c12c195dfa93f0409146f9ac21ff5a6,
    type: 2}
  m_PrefabInternal: {fileID: 0}
  m_GameObject: {fileID: 735299439}
  m_Enabled: 1
  serializedVersion: 8
  m_Type: 1
  m_Color: {r: 1, g: 0.95686275, b: 0.8392157, a: 1}
  m_Intensity: 1
  m_Range: 10
  m_SpotAngle: 30
  m_CookieSize: 10
  m_Shadows:
    m_Type: 2
    m_Resolution: -1
    m_CustomResolution: -1
    m_Strength: 1
    m_Bias: 0.05
    m_NormalBias: 0.4
    m_NearPlane: 0.2
  m_Cookie: {fileID: 0}
  m_DrawHalo: 0
  m_Flare: {fileID: 0}
  m_RenderMode: 0
  m_CullingMask:
    serializedVersion: 2
    m_Bits: 4294967295
  m_Lightmapping: 4
  m_AreaSize: {x: 1, y: 1}
  m_BounceIntensity: 1
  m_ColorTemperature: 6570
  m_UseColorTemperature: 0
  m_ShadowRadius: 0
  m_ShadowAngle: 0
--- !u!4 &735299441
Transform:
  m_ObjectHideFlags: 0
  m_PrefabParentObject: {fileID: 4396349829505872, guid: 5c12c195dfa93f0409146f9ac21ff5a6,
    type: 2}
  m_PrefabInternal: {fileID: 0}
  m_GameObject: {fileID: 735299439}
  m_LocalRotation: {x: 0.40821788, y: -0.23456968, z: 0.10938163, w: 0.8754261}
  m_LocalPosition: {x: 0, y: 3, z: 0}
  m_LocalScale: {x: 1, y: 1, z: 1}
  m_Children: []
  m_Father: {fileID: 0}
  m_RootOrder: 1
  m_LocalEulerAnglesHint: {x: 50, y: -30, z: 0}
--- !u!1 &969518202
GameObject:
  m_ObjectHideFlags: 0
  m_PrefabParentObject: {fileID: 1814554027932060, guid: 5c12c195dfa93f0409146f9ac21ff5a6,
    type: 2}
  m_PrefabInternal: {fileID: 0}
  serializedVersion: 5
  m_Component:
  - component: {fileID: 969518203}
  - component: {fileID: 969518205}
  - component: {fileID: 969518204}
  m_Layer: 5
  m_Name: BaseMenu
  m_TagString: Untagged
  m_Icon: {fileID: 0}
  m_NavMeshLayer: 0
  m_StaticEditorFlags: 0
  m_IsActive: 1
--- !u!224 &969518203
RectTransform:
  m_ObjectHideFlags: 0
  m_PrefabParentObject: {fileID: 224208375740411646, guid: 5c12c195dfa93f0409146f9ac21ff5a6,
    type: 2}
  m_PrefabInternal: {fileID: 0}
  m_GameObject: {fileID: 969518202}
  m_LocalRotation: {x: -0, y: -0, z: -0, w: 1}
  m_LocalPosition: {x: 0, y: 0, z: 0}
  m_LocalScale: {x: 1, y: 1, z: 1}
  m_Children:
  - {fileID: 1393828362}
  m_Father: {fileID: 1719420145}
  m_RootOrder: 3
  m_LocalEulerAnglesHint: {x: 0, y: 0, z: 0}
  m_AnchorMin: {x: 0.5, y: 0.5}
  m_AnchorMax: {x: 0.5, y: 0.5}
  m_AnchoredPosition: {x: 235, y: -50}
  m_SizeDelta: {x: 400, y: 80}
  m_Pivot: {x: 0.5, y: 0.5}
--- !u!114 &969518204
MonoBehaviour:
  m_ObjectHideFlags: 0
  m_PrefabParentObject: {fileID: 114725249814003186, guid: 5c12c195dfa93f0409146f9ac21ff5a6,
    type: 2}
  m_PrefabInternal: {fileID: 0}
  m_GameObject: {fileID: 969518202}
  m_Enabled: 1
  m_EditorHideFlags: 0
  m_Script: {fileID: -765806418, guid: f70555f144d8491a825f0804e09c671c, type: 3}
  m_Name: 
  m_EditorClassIdentifier: 
  m_Material: {fileID: 0}
  m_Color: {r: 0, g: 0, b: 0, a: 0.39215687}
  m_RaycastTarget: 1
  m_OnCullStateChanged:
    m_PersistentCalls:
      m_Calls: []
    m_TypeName: UnityEngine.UI.MaskableGraphic+CullStateChangedEvent, UnityEngine.UI,
      Version=1.0.0.0, Culture=neutral, PublicKeyToken=null
  m_Sprite: {fileID: 0}
  m_Type: 0
  m_PreserveAspect: 0
  m_FillCenter: 1
  m_FillMethod: 4
  m_FillAmount: 1
  m_FillClockwise: 1
  m_FillOrigin: 0
--- !u!222 &969518205
CanvasRenderer:
  m_ObjectHideFlags: 0
  m_PrefabParentObject: {fileID: 222777836831939730, guid: 5c12c195dfa93f0409146f9ac21ff5a6,
    type: 2}
  m_PrefabInternal: {fileID: 0}
  m_GameObject: {fileID: 969518202}
--- !u!1 &998158925
GameObject:
  m_ObjectHideFlags: 0
  m_PrefabParentObject: {fileID: 1091166081122210, guid: 5c12c195dfa93f0409146f9ac21ff5a6,
    type: 2}
  m_PrefabInternal: {fileID: 0}
  serializedVersion: 5
  m_Component:
  - component: {fileID: 998158926}
  - component: {fileID: 998158928}
  - component: {fileID: 998158927}
  m_Layer: 5
  m_Name: BaseTextGameOver
  m_TagString: Untagged
  m_Icon: {fileID: 0}
  m_NavMeshLayer: 0
  m_StaticEditorFlags: 0
  m_IsActive: 1
--- !u!224 &998158926
RectTransform:
  m_ObjectHideFlags: 0
  m_PrefabParentObject: {fileID: 224563297537363502, guid: 5c12c195dfa93f0409146f9ac21ff5a6,
    type: 2}
  m_PrefabInternal: {fileID: 0}
  m_GameObject: {fileID: 998158925}
  m_LocalRotation: {x: -0, y: -0, z: -0, w: 1}
  m_LocalPosition: {x: 0, y: 0, z: 0}
  m_LocalScale: {x: 1, y: 1, z: 1}
  m_Children:
  - {fileID: 523154227}
  m_Father: {fileID: 1719420145}
  m_RootOrder: 4
  m_LocalEulerAnglesHint: {x: 0, y: 0, z: 0}
  m_AnchorMin: {x: 0.5, y: 1}
  m_AnchorMax: {x: 0.5, y: 1}
  m_AnchoredPosition: {x: 0, y: -150}
  m_SizeDelta: {x: 600, y: 130}
  m_Pivot: {x: 0.5, y: 0.5}
--- !u!114 &998158927
MonoBehaviour:
  m_ObjectHideFlags: 0
  m_PrefabParentObject: {fileID: 114290800822323388, guid: 5c12c195dfa93f0409146f9ac21ff5a6,
    type: 2}
  m_PrefabInternal: {fileID: 0}
  m_GameObject: {fileID: 998158925}
  m_Enabled: 1
  m_EditorHideFlags: 0
  m_Script: {fileID: -765806418, guid: f70555f144d8491a825f0804e09c671c, type: 3}
  m_Name: 
  m_EditorClassIdentifier: 
  m_Material: {fileID: 0}
  m_Color: {r: 0, g: 0, b: 0, a: 0.39215687}
  m_RaycastTarget: 1
  m_OnCullStateChanged:
    m_PersistentCalls:
      m_Calls: []
    m_TypeName: UnityEngine.UI.MaskableGraphic+CullStateChangedEvent, UnityEngine.UI,
      Version=1.0.0.0, Culture=neutral, PublicKeyToken=null
  m_Sprite: {fileID: 0}
  m_Type: 0
  m_PreserveAspect: 0
  m_FillCenter: 1
  m_FillMethod: 4
  m_FillAmount: 1
  m_FillClockwise: 1
  m_FillOrigin: 0
--- !u!222 &998158928
CanvasRenderer:
  m_ObjectHideFlags: 0
  m_PrefabParentObject: {fileID: 222436674976945328, guid: 5c12c195dfa93f0409146f9ac21ff5a6,
    type: 2}
  m_PrefabInternal: {fileID: 0}
  m_GameObject: {fileID: 998158925}
--- !u!1 &1003823353
GameObject:
  m_ObjectHideFlags: 0
  m_PrefabParentObject: {fileID: 1027353215635384, guid: 5c12c195dfa93f0409146f9ac21ff5a6,
    type: 2}
  m_PrefabInternal: {fileID: 0}
  serializedVersion: 5
  m_Component:
  - component: {fileID: 1003823360}
  - component: {fileID: 1003823359}
  - component: {fileID: 1003823358}
  - component: {fileID: 1003823357}
  - component: {fileID: 1003823356}
  - component: {fileID: 1003823355}
  - component: {fileID: 1003823354}
  m_Layer: 0
  m_Name: Main Camera
  m_TagString: MainCamera
  m_Icon: {fileID: 0}
  m_NavMeshLayer: 0
  m_StaticEditorFlags: 0
  m_IsActive: 1
--- !u!82 &1003823354
AudioSource:
  m_ObjectHideFlags: 0
  m_PrefabParentObject: {fileID: 82950041228234438, guid: 5c12c195dfa93f0409146f9ac21ff5a6,
    type: 2}
  m_PrefabInternal: {fileID: 0}
  m_GameObject: {fileID: 1003823353}
  m_Enabled: 1
  serializedVersion: 4
  OutputAudioMixerGroup: {fileID: 0}
  m_audioClip: {fileID: 8300000, guid: 65c6b9d4bab84b2469ee7978d75831d1, type: 3}
  m_PlayOnAwake: 0
  m_Volume: 1
  m_Pitch: 1
  Loop: 0
  Mute: 0
  Spatialize: 0
  SpatializePostEffects: 0
  Priority: 128
  DopplerLevel: 1
  MinDistance: 1
  MaxDistance: 500
  Pan2D: 0
  rolloffMode: 0
  BypassEffects: 0
  BypassListenerEffects: 0
  BypassReverbZones: 0
  rolloffCustomCurve:
    serializedVersion: 2
    m_Curve:
    - serializedVersion: 2
      time: 0
      value: 1
      inSlope: 0
      outSlope: 0
      tangentMode: 0
    - serializedVersion: 2
      time: 1
      value: 0
      inSlope: 0
      outSlope: 0
      tangentMode: 0
    m_PreInfinity: 2
    m_PostInfinity: 2
    m_RotationOrder: 4
  panLevelCustomCurve:
    serializedVersion: 2
    m_Curve:
    - serializedVersion: 2
      time: 0
      value: 0
      inSlope: 0
      outSlope: 0
      tangentMode: 0
    m_PreInfinity: 2
    m_PostInfinity: 2
    m_RotationOrder: 0
  spreadCustomCurve:
    serializedVersion: 2
    m_Curve:
    - serializedVersion: 2
      time: 0
      value: 0
      inSlope: 0
      outSlope: 0
      tangentMode: 0
    m_PreInfinity: 2
    m_PostInfinity: 2
    m_RotationOrder: 4
  reverbZoneMixCustomCurve:
    serializedVersion: 2
    m_Curve:
    - serializedVersion: 2
      time: 0
      value: 1
      inSlope: 0
      outSlope: 0
      tangentMode: 0
    m_PreInfinity: 2
    m_PostInfinity: 2
    m_RotationOrder: 0
--- !u!82 &1003823355
AudioSource:
  m_ObjectHideFlags: 0
  m_PrefabParentObject: {fileID: 82368639274785442, guid: 5c12c195dfa93f0409146f9ac21ff5a6,
    type: 2}
  m_PrefabInternal: {fileID: 0}
  m_GameObject: {fileID: 1003823353}
  m_Enabled: 1
  serializedVersion: 4
  OutputAudioMixerGroup: {fileID: 0}
  m_audioClip: {fileID: 8300000, guid: f3ae9275c3effec429a80162e0097224, type: 3}
  m_PlayOnAwake: 0
  m_Volume: 1
  m_Pitch: 1
  Loop: 0
  Mute: 0
  Spatialize: 0
  SpatializePostEffects: 0
  Priority: 128
  DopplerLevel: 1
  MinDistance: 1
  MaxDistance: 500
  Pan2D: 0
  rolloffMode: 0
  BypassEffects: 0
  BypassListenerEffects: 0
  BypassReverbZones: 0
  rolloffCustomCurve:
    serializedVersion: 2
    m_Curve:
    - serializedVersion: 2
      time: 0
      value: 1
      inSlope: 0
      outSlope: 0
      tangentMode: 0
    - serializedVersion: 2
      time: 1
      value: 0
      inSlope: 0
      outSlope: 0
      tangentMode: 0
    m_PreInfinity: 2
    m_PostInfinity: 2
    m_RotationOrder: 4
  panLevelCustomCurve:
    serializedVersion: 2
    m_Curve:
    - serializedVersion: 2
      time: 0
      value: 0
      inSlope: 0
      outSlope: 0
      tangentMode: 0
    m_PreInfinity: 2
    m_PostInfinity: 2
    m_RotationOrder: 0
  spreadCustomCurve:
    serializedVersion: 2
    m_Curve:
    - serializedVersion: 2
      time: 0
      value: 0
      inSlope: 0
      outSlope: 0
      tangentMode: 0
    m_PreInfinity: 2
    m_PostInfinity: 2
    m_RotationOrder: 4
  reverbZoneMixCustomCurve:
    serializedVersion: 2
    m_Curve:
    - serializedVersion: 2
      time: 0
      value: 1
      inSlope: 0
      outSlope: 0
      tangentMode: 0
    m_PreInfinity: 2
    m_PostInfinity: 2
    m_RotationOrder: 0
--- !u!81 &1003823356
AudioListener:
  m_ObjectHideFlags: 0
  m_PrefabParentObject: {fileID: 81236412657934112, guid: 5c12c195dfa93f0409146f9ac21ff5a6,
    type: 2}
  m_PrefabInternal: {fileID: 0}
  m_GameObject: {fileID: 1003823353}
  m_Enabled: 1
--- !u!124 &1003823357
Behaviour:
  m_ObjectHideFlags: 0
  m_PrefabParentObject: {fileID: 124914767836660190, guid: 5c12c195dfa93f0409146f9ac21ff5a6,
    type: 2}
  m_PrefabInternal: {fileID: 0}
  m_GameObject: {fileID: 1003823353}
  m_Enabled: 1
--- !u!92 &1003823358
Behaviour:
  m_ObjectHideFlags: 0
  m_PrefabParentObject: {fileID: 92497995053727032, guid: 5c12c195dfa93f0409146f9ac21ff5a6,
    type: 2}
  m_PrefabInternal: {fileID: 0}
  m_GameObject: {fileID: 1003823353}
  m_Enabled: 1
--- !u!20 &1003823359
Camera:
  m_ObjectHideFlags: 0
  m_PrefabParentObject: {fileID: 20372419738489036, guid: 5c12c195dfa93f0409146f9ac21ff5a6,
    type: 2}
  m_PrefabInternal: {fileID: 0}
  m_GameObject: {fileID: 1003823353}
  m_Enabled: 1
  serializedVersion: 2
  m_ClearFlags: 1
  m_BackGroundColor: {r: 0.19215687, g: 0.3019608, b: 0.4745098, a: 0}
  m_NormalizedViewPortRect:
    serializedVersion: 2
    x: 0
    y: 0
    width: 1
    height: 1
  near clip plane: 0.3
  far clip plane: 1000
  field of view: 51.38015
  orthographic: 0
  orthographic size: 5
  m_Depth: -1
  m_CullingMask:
    serializedVersion: 2
    m_Bits: 4294967295
  m_RenderingPath: -1
  m_TargetTexture: {fileID: 0}
  m_TargetDisplay: 0
  m_TargetEye: 3
  m_HDR: 1
  m_AllowMSAA: 1
  m_ForceIntoRT: 0
  m_OcclusionCulling: 1
  m_StereoConvergence: 10
  m_StereoSeparation: 0.022
  m_StereoMirrorMode: 0
--- !u!4 &1003823360
Transform:
  m_ObjectHideFlags: 0
  m_PrefabParentObject: {fileID: 4001463201166950, guid: 5c12c195dfa93f0409146f9ac21ff5a6,
    type: 2}
  m_PrefabInternal: {fileID: 0}
  m_GameObject: {fileID: 1003823353}
  m_LocalRotation: {x: -0, y: -0, z: -0, w: 1}
  m_LocalPosition: {x: 511, y: 386, z: -10}
  m_LocalScale: {x: 1, y: 1, z: 1}
  m_Children: []
  m_Father: {fileID: 0}
  m_RootOrder: 0
  m_LocalEulerAnglesHint: {x: 0, y: 0, z: 0}
--- !u!1 &1019418348
GameObject:
  m_ObjectHideFlags: 0
  m_PrefabParentObject: {fileID: 1943834697211570, guid: 5c12c195dfa93f0409146f9ac21ff5a6,
    type: 2}
  m_PrefabInternal: {fileID: 0}
  serializedVersion: 5
  m_Component:
  - component: {fileID: 1019418349}
  - component: {fileID: 1019418352}
  - component: {fileID: 1019418351}
  - component: {fileID: 1019418350}
  m_Layer: 5
  m_Name: EdgeLine
  m_TagString: Untagged
  m_Icon: {fileID: 0}
  m_NavMeshLayer: 0
  m_StaticEditorFlags: 0
  m_IsActive: 1
--- !u!224 &1019418349
RectTransform:
  m_ObjectHideFlags: 0
  m_PrefabParentObject: {fileID: 224358879038293398, guid: 5c12c195dfa93f0409146f9ac21ff5a6,
    type: 2}
  m_PrefabInternal: {fileID: 0}
  m_GameObject: {fileID: 1019418348}
  m_LocalRotation: {x: -0, y: -0, z: -0, w: 1}
  m_LocalPosition: {x: 0, y: 0, z: 0}
  m_LocalScale: {x: 1, y: 1, z: 1}
  m_Children: []
  m_Father: {fileID: 1719420145}
  m_RootOrder: 6
  m_LocalEulerAnglesHint: {x: 0, y: 0, z: 0}
  m_AnchorMin: {x: 0.5, y: 0.5}
  m_AnchorMax: {x: 0.5, y: 0.5}
  m_AnchoredPosition: {x: 0.000030517578, y: -0.000041485}
  m_SizeDelta: {x: 1280, y: 991}
  m_Pivot: {x: 0.5, y: 0.5}
--- !u!114 &1019418350
MonoBehaviour:
  m_ObjectHideFlags: 0
  m_PrefabParentObject: {fileID: 114249955141710748, guid: 5c12c195dfa93f0409146f9ac21ff5a6,
    type: 2}
  m_PrefabInternal: {fileID: 0}
  m_GameObject: {fileID: 1019418348}
  m_Enabled: 1
  m_EditorHideFlags: 0
  m_Script: {fileID: 1392445389, guid: f70555f144d8491a825f0804e09c671c, type: 3}
  m_Name: 
  m_EditorClassIdentifier: 
  m_Navigation:
    m_Mode: 3
    m_SelectOnUp: {fileID: 0}
    m_SelectOnDown: {fileID: 0}
    m_SelectOnLeft: {fileID: 0}
    m_SelectOnRight: {fileID: 0}
  m_Transition: 1
  m_Colors:
    m_NormalColor: {r: 1, g: 1, b: 1, a: 1}
    m_HighlightedColor: {r: 0.9607843, g: 0.9607843, b: 0.9607843, a: 1}
    m_PressedColor: {r: 0.78431374, g: 0.78431374, b: 0.78431374, a: 1}
    m_DisabledColor: {r: 0.78431374, g: 0.78431374, b: 0.78431374, a: 0.5019608}
    m_ColorMultiplier: 1
    m_FadeDuration: 0.1
  m_SpriteState:
    m_HighlightedSprite: {fileID: 0}
    m_PressedSprite: {fileID: 0}
    m_DisabledSprite: {fileID: 0}
  m_AnimationTriggers:
    m_NormalTrigger: Normal
    m_HighlightedTrigger: Highlighted
    m_PressedTrigger: Pressed
    m_DisabledTrigger: Disabled
  m_Interactable: 1
  m_TargetGraphic: {fileID: 1019418351}
  m_OnClick:
    m_PersistentCalls:
      m_Calls: []
    m_TypeName: UnityEngine.UI.Button+ButtonClickedEvent, UnityEngine.UI, Version=1.0.0.0,
      Culture=neutral, PublicKeyToken=null
--- !u!114 &1019418351
MonoBehaviour:
  m_ObjectHideFlags: 0
  m_PrefabParentObject: {fileID: 114198913288739502, guid: 5c12c195dfa93f0409146f9ac21ff5a6,
    type: 2}
  m_PrefabInternal: {fileID: 0}
  m_GameObject: {fileID: 1019418348}
  m_Enabled: 1
  m_EditorHideFlags: 0
  m_Script: {fileID: -765806418, guid: f70555f144d8491a825f0804e09c671c, type: 3}
  m_Name: 
  m_EditorClassIdentifier: 
  m_Material: {fileID: 0}
  m_Color: {r: 1, g: 0.2794118, b: 0.7614603, a: 1}
  m_RaycastTarget: 0
  m_OnCullStateChanged:
    m_PersistentCalls:
      m_Calls: []
    m_TypeName: UnityEngine.UI.MaskableGraphic+CullStateChangedEvent, UnityEngine.UI,
      Version=1.0.0.0, Culture=neutral, PublicKeyToken=null
  m_Sprite: {fileID: 10905, guid: 0000000000000000f000000000000000, type: 0}
  m_Type: 1
  m_PreserveAspect: 0
  m_FillCenter: 0
  m_FillMethod: 4
  m_FillAmount: 1
  m_FillClockwise: 1
  m_FillOrigin: 0
--- !u!222 &1019418352
CanvasRenderer:
  m_ObjectHideFlags: 0
  m_PrefabParentObject: {fileID: 222384474392198710, guid: 5c12c195dfa93f0409146f9ac21ff5a6,
    type: 2}
  m_PrefabInternal: {fileID: 0}
  m_GameObject: {fileID: 1019418348}
--- !u!1 &1179437298
GameObject:
  m_ObjectHideFlags: 0
  m_PrefabParentObject: {fileID: 1491882367799324, guid: 5c12c195dfa93f0409146f9ac21ff5a6,
    type: 2}
  m_PrefabInternal: {fileID: 0}
  serializedVersion: 5
  m_Component:
  - component: {fileID: 1179437299}
  - component: {fileID: 1179437301}
  - component: {fileID: 1179437300}
  m_Layer: 5
  m_Name: Text
  m_TagString: Untagged
  m_Icon: {fileID: 0}
  m_NavMeshLayer: 0
  m_StaticEditorFlags: 0
  m_IsActive: 1
--- !u!224 &1179437299
RectTransform:
  m_ObjectHideFlags: 0
  m_PrefabParentObject: {fileID: 224536281805476760, guid: 5c12c195dfa93f0409146f9ac21ff5a6,
    type: 2}
  m_PrefabInternal: {fileID: 0}
  m_GameObject: {fileID: 1179437298}
  m_LocalRotation: {x: 0, y: 0, z: 0, w: 1}
  m_LocalPosition: {x: 0, y: 0, z: 0}
  m_LocalScale: {x: 1, y: 1, z: 1}
  m_Children: []
  m_Father: {fileID: 1393828362}
  m_RootOrder: 0
  m_LocalEulerAnglesHint: {x: 0, y: 0, z: 0}
  m_AnchorMin: {x: 0, y: 0}
  m_AnchorMax: {x: 1, y: 1}
  m_AnchoredPosition: {x: 0, y: 0}
  m_SizeDelta: {x: 0, y: 0}
  m_Pivot: {x: 0.5, y: 0.5}
--- !u!114 &1179437300
MonoBehaviour:
  m_ObjectHideFlags: 0
  m_PrefabParentObject: {fileID: 114681915814984998, guid: 5c12c195dfa93f0409146f9ac21ff5a6,
    type: 2}
  m_PrefabInternal: {fileID: 0}
  m_GameObject: {fileID: 1179437298}
  m_Enabled: 1
  m_EditorHideFlags: 0
  m_Script: {fileID: 708705254, guid: f70555f144d8491a825f0804e09c671c, type: 3}
  m_Name: 
  m_EditorClassIdentifier: 
  m_Material: {fileID: 0}
  m_Color: {r: 1, g: 0.2784314, b: 0.7607843, a: 1}
  m_RaycastTarget: 1
  m_OnCullStateChanged:
    m_PersistentCalls:
      m_Calls: []
    m_TypeName: UnityEngine.UI.MaskableGraphic+CullStateChangedEvent, UnityEngine.UI,
      Version=1.0.0.0, Culture=neutral, PublicKeyToken=null
  m_FontData:
    m_Font: {fileID: 12800000, guid: ccd49eeea242b9d49b0a1ddc532c6f75, type: 3}
    m_FontSize: 45
    m_FontStyle: 1
    m_BestFit: 0
    m_MinSize: 0
    m_MaxSize: 45
    m_Alignment: 4
    m_AlignByGeometry: 0
    m_RichText: 1
    m_HorizontalOverflow: 0
    m_VerticalOverflow: 0
    m_LineSpacing: 1
  m_Text: MENU
--- !u!222 &1179437301
CanvasRenderer:
  m_ObjectHideFlags: 0
  m_PrefabParentObject: {fileID: 222647410629054368, guid: 5c12c195dfa93f0409146f9ac21ff5a6,
    type: 2}
  m_PrefabInternal: {fileID: 0}
  m_GameObject: {fileID: 1179437298}
--- !u!1 &1365796520
GameObject:
  m_ObjectHideFlags: 0
  m_PrefabParentObject: {fileID: 1196860455103252, guid: 5c12c195dfa93f0409146f9ac21ff5a6,
    type: 2}
  m_PrefabInternal: {fileID: 0}
  serializedVersion: 5
  m_Component:
  - component: {fileID: 1365796521}
  - component: {fileID: 1365796523}
  - component: {fileID: 1365796522}
  m_Layer: 5
  m_Name: BejeweledLogo
  m_TagString: Untagged
  m_Icon: {fileID: 0}
  m_NavMeshLayer: 0
  m_StaticEditorFlags: 0
  m_IsActive: 0
--- !u!224 &1365796521
RectTransform:
  m_ObjectHideFlags: 0
  m_PrefabParentObject: {fileID: 224049606792853154, guid: 5c12c195dfa93f0409146f9ac21ff5a6,
    type: 2}
  m_PrefabInternal: {fileID: 0}
  m_GameObject: {fileID: 1365796520}
  m_LocalRotation: {x: -0, y: -0, z: -0, w: 1}
  m_LocalPosition: {x: 0, y: 0, z: 0}
  m_LocalScale: {x: 1, y: 1, z: 1}
  m_Children: []
  m_Father: {fileID: 1719420145}
  m_RootOrder: 1
  m_LocalEulerAnglesHint: {x: 0, y: 0, z: 0}
  m_AnchorMin: {x: 0.5, y: 1}
  m_AnchorMax: {x: 0.5, y: 1}
  m_AnchoredPosition: {x: 0.000030517578, y: -187.14001}
  m_SizeDelta: {x: 450, y: 350}
  m_Pivot: {x: 0.5, y: 0.5}
--- !u!114 &1365796522
MonoBehaviour:
  m_ObjectHideFlags: 0
  m_PrefabParentObject: {fileID: 114588944406743954, guid: 5c12c195dfa93f0409146f9ac21ff5a6,
    type: 2}
  m_PrefabInternal: {fileID: 0}
  m_GameObject: {fileID: 1365796520}
  m_Enabled: 1
  m_EditorHideFlags: 0
  m_Script: {fileID: -765806418, guid: f70555f144d8491a825f0804e09c671c, type: 3}
  m_Name: 
  m_EditorClassIdentifier: 
  m_Material: {fileID: 0}
  m_Color: {r: 1, g: 1, b: 1, a: 1}
  m_RaycastTarget: 1
  m_OnCullStateChanged:
    m_PersistentCalls:
      m_Calls: []
    m_TypeName: UnityEngine.UI.MaskableGraphic+CullStateChangedEvent, UnityEngine.UI,
      Version=1.0.0.0, Culture=neutral, PublicKeyToken=null
  m_Sprite: {fileID: 21300000, guid: 548d78353b3db7f4abc1542ab3957b42, type: 3}
  m_Type: 0
  m_PreserveAspect: 0
  m_FillCenter: 1
  m_FillMethod: 4
  m_FillAmount: 1
  m_FillClockwise: 1
  m_FillOrigin: 0
--- !u!222 &1365796523
CanvasRenderer:
  m_ObjectHideFlags: 0
  m_PrefabParentObject: {fileID: 222015545236067654, guid: 5c12c195dfa93f0409146f9ac21ff5a6,
    type: 2}
  m_PrefabInternal: {fileID: 0}
  m_GameObject: {fileID: 1365796520}
--- !u!1 &1393828361
GameObject:
  m_ObjectHideFlags: 0
  m_PrefabParentObject: {fileID: 1959977077837002, guid: 5c12c195dfa93f0409146f9ac21ff5a6,
    type: 2}
  m_PrefabInternal: {fileID: 0}
  serializedVersion: 5
  m_Component:
  - component: {fileID: 1393828362}
  - component: {fileID: 1393828368}
  - component: {fileID: 1393828367}
  - component: {fileID: 1393828366}
  - component: {fileID: 1393828365}
  - component: {fileID: 1393828364}
  - component: {fileID: 1393828363}
  m_Layer: 5
  m_Name: ButtonMenu
  m_TagString: Untagged
  m_Icon: {fileID: 0}
  m_NavMeshLayer: 0
  m_StaticEditorFlags: 0
  m_IsActive: 1
--- !u!224 &1393828362
RectTransform:
  m_ObjectHideFlags: 0
  m_PrefabParentObject: {fileID: 224472613592506296, guid: 5c12c195dfa93f0409146f9ac21ff5a6,
    type: 2}
  m_PrefabInternal: {fileID: 0}
  m_GameObject: {fileID: 1393828361}
  m_LocalRotation: {x: -0, y: -0, z: -0, w: 1}
  m_LocalPosition: {x: 0, y: 0, z: 0}
  m_LocalScale: {x: 1, y: 1, z: 1}
  m_Children:
  - {fileID: 1179437299}
  m_Father: {fileID: 969518203}
  m_RootOrder: 0
  m_LocalEulerAnglesHint: {x: 0, y: 0, z: 0}
  m_AnchorMin: {x: 0.5, y: 0.5}
  m_AnchorMax: {x: 0.5, y: 0.5}
  m_AnchoredPosition: {x: 0, y: 0}
  m_SizeDelta: {x: 400, y: 80}
  m_Pivot: {x: 0.5, y: 0.5}
--- !u!114 &1393828363
MonoBehaviour:
  m_ObjectHideFlags: 0
  m_PrefabParentObject: {fileID: 114785700998096702, guid: 5c12c195dfa93f0409146f9ac21ff5a6,
    type: 2}
  m_PrefabInternal: {fileID: 0}
  m_GameObject: {fileID: 1393828361}
  m_Enabled: 1
  m_EditorHideFlags: 0
  m_Script: {fileID: -1862395651, guid: f70555f144d8491a825f0804e09c671c, type: 3}
  m_Name: 
  m_EditorClassIdentifier: 
  m_Delegates:
  - eventID: 0
    callback:
      m_PersistentCalls:
        m_Calls:
        - m_Target: {fileID: 1393828364}
          m_MethodName: HoverSound
          m_Mode: 1
          m_Arguments:
            m_ObjectArgument: {fileID: 0}
            m_ObjectArgumentAssemblyTypeName: UnityEngine.Object, UnityEngine
            m_IntArgument: 0
            m_FloatArgument: 0
            m_StringArgument: 
            m_BoolArgument: 0
          m_CallState: 2
      m_TypeName: UnityEngine.EventSystems.EventTrigger+TriggerEvent, UnityEngine.UI,
        Version=1.0.0.0, Culture=neutral, PublicKeyToken=null
  - eventID: 2
    callback:
      m_PersistentCalls:
        m_Calls:
        - m_Target: {fileID: 1393828364}
          m_MethodName: ClickSound
          m_Mode: 1
          m_Arguments:
            m_ObjectArgument: {fileID: 0}
            m_ObjectArgumentAssemblyTypeName: UnityEngine.Object, UnityEngine
            m_IntArgument: 0
            m_FloatArgument: 0
            m_StringArgument: 
            m_BoolArgument: 0
          m_CallState: 2
      m_TypeName: UnityEngine.EventSystems.EventTrigger+TriggerEvent, UnityEngine.UI,
        Version=1.0.0.0, Culture=neutral, PublicKeyToken=null
  delegates: []
--- !u!114 &1393828364
MonoBehaviour:
  m_ObjectHideFlags: 0
  m_PrefabParentObject: {fileID: 114520877396072608, guid: 5c12c195dfa93f0409146f9ac21ff5a6,
    type: 2}
  m_PrefabInternal: {fileID: 0}
  m_GameObject: {fileID: 1393828361}
  m_Enabled: 1
  m_EditorHideFlags: 0
  m_Script: {fileID: 11500000, guid: a5b9373ed5982ec4f863153140e8dd3e, type: 3}
  m_Name: 
  m_EditorClassIdentifier: 
  myFX: {fileID: 1393828365}
  hoverFX: {fileID: 8300000, guid: ad5154133dfbc87498d5e78e3fff6fac, type: 3}
  clickFX: {fileID: 8300000, guid: 65c6b9d4bab84b2469ee7978d75831d1, type: 3}
--- !u!82 &1393828365
AudioSource:
  m_ObjectHideFlags: 0
  m_PrefabParentObject: {fileID: 82469633768440278, guid: 5c12c195dfa93f0409146f9ac21ff5a6,
    type: 2}
  m_PrefabInternal: {fileID: 0}
  m_GameObject: {fileID: 1393828361}
  m_Enabled: 1
  serializedVersion: 4
  OutputAudioMixerGroup: {fileID: 0}
  m_audioClip: {fileID: 0}
  m_PlayOnAwake: 1
  m_Volume: 1
  m_Pitch: 1
  Loop: 0
  Mute: 0
  Spatialize: 0
  SpatializePostEffects: 0
  Priority: 128
  DopplerLevel: 1
  MinDistance: 1
  MaxDistance: 500
  Pan2D: 0
  rolloffMode: 0
  BypassEffects: 0
  BypassListenerEffects: 0
  BypassReverbZones: 0
  rolloffCustomCurve:
    serializedVersion: 2
    m_Curve:
    - serializedVersion: 2
      time: 0
      value: 1
      inSlope: 0
      outSlope: 0
      tangentMode: 0
    - serializedVersion: 2
      time: 1
      value: 0
      inSlope: 0
      outSlope: 0
      tangentMode: 0
    m_PreInfinity: 2
    m_PostInfinity: 2
    m_RotationOrder: 4
  panLevelCustomCurve:
    serializedVersion: 2
    m_Curve:
    - serializedVersion: 2
      time: 0
      value: 0
      inSlope: 0
      outSlope: 0
      tangentMode: 0
    m_PreInfinity: 2
    m_PostInfinity: 2
    m_RotationOrder: 0
  spreadCustomCurve:
    serializedVersion: 2
    m_Curve:
    - serializedVersion: 2
      time: 0
      value: 0
      inSlope: 0
      outSlope: 0
      tangentMode: 0
    m_PreInfinity: 2
    m_PostInfinity: 2
    m_RotationOrder: 4
  reverbZoneMixCustomCurve:
    serializedVersion: 2
    m_Curve:
    - serializedVersion: 2
      time: 0
      value: 1
      inSlope: 0
      outSlope: 0
      tangentMode: 0
    m_PreInfinity: 2
    m_PostInfinity: 2
    m_RotationOrder: 0
--- !u!114 &1393828366
MonoBehaviour:
  m_ObjectHideFlags: 0
  m_PrefabParentObject: {fileID: 114926063437680958, guid: 5c12c195dfa93f0409146f9ac21ff5a6,
    type: 2}
  m_PrefabInternal: {fileID: 0}
  m_GameObject: {fileID: 1393828361}
  m_Enabled: 1
  m_EditorHideFlags: 0
  m_Script: {fileID: 1392445389, guid: f70555f144d8491a825f0804e09c671c, type: 3}
  m_Name: 
  m_EditorClassIdentifier: 
  m_Navigation:
    m_Mode: 3
    m_SelectOnUp: {fileID: 0}
    m_SelectOnDown: {fileID: 0}
    m_SelectOnLeft: {fileID: 0}
    m_SelectOnRight: {fileID: 0}
  m_Transition: 1
  m_Colors:
    m_NormalColor: {r: 0.2901961, g: 0.14509805, b: 0.79607844, a: 1}
    m_HighlightedColor: {r: 0.07058824, g: 0.60784316, b: 0.94509804, a: 1}
    m_PressedColor: {r: 1, g: 0.2784314, b: 0.7607843, a: 1}
    m_DisabledColor: {r: 0.78431374, g: 0.78431374, b: 0.78431374, a: 0.5019608}
    m_ColorMultiplier: 1
    m_FadeDuration: 0.1
  m_SpriteState:
    m_HighlightedSprite: {fileID: 0}
    m_PressedSprite: {fileID: 0}
    m_DisabledSprite: {fileID: 0}
  m_AnimationTriggers:
    m_NormalTrigger: Normal
    m_HighlightedTrigger: Highlighted
    m_PressedTrigger: Pressed
    m_DisabledTrigger: Disabled
  m_Interactable: 1
  m_TargetGraphic: {fileID: 1393828367}
  m_OnClick:
    m_PersistentCalls:
      m_Calls:
      - m_Target: {fileID: 1610578079}
        m_MethodName: ButtonMenu
        m_Mode: 5
        m_Arguments:
          m_ObjectArgument: {fileID: 0}
          m_ObjectArgumentAssemblyTypeName: UnityEngine.Object, UnityEngine
          m_IntArgument: 0
          m_FloatArgument: 0
          m_StringArgument: MainMenu
          m_BoolArgument: 0
        m_CallState: 2
    m_TypeName: UnityEngine.UI.Button+ButtonClickedEvent, UnityEngine.UI, Version=1.0.0.0,
      Culture=neutral, PublicKeyToken=null
--- !u!114 &1393828367
MonoBehaviour:
  m_ObjectHideFlags: 0
  m_PrefabParentObject: {fileID: 114992128938263420, guid: 5c12c195dfa93f0409146f9ac21ff5a6,
    type: 2}
  m_PrefabInternal: {fileID: 0}
  m_GameObject: {fileID: 1393828361}
  m_Enabled: 1
  m_EditorHideFlags: 0
  m_Script: {fileID: -765806418, guid: f70555f144d8491a825f0804e09c671c, type: 3}
  m_Name: 
  m_EditorClassIdentifier: 
  m_Material: {fileID: 0}
  m_Color: {r: 1, g: 1, b: 1, a: 1}
  m_RaycastTarget: 1
  m_OnCullStateChanged:
    m_PersistentCalls:
      m_Calls: []
    m_TypeName: UnityEngine.UI.MaskableGraphic+CullStateChangedEvent, UnityEngine.UI,
      Version=1.0.0.0, Culture=neutral, PublicKeyToken=null
  m_Sprite: {fileID: 10905, guid: 0000000000000000f000000000000000, type: 0}
  m_Type: 1
  m_PreserveAspect: 0
  m_FillCenter: 0
  m_FillMethod: 4
  m_FillAmount: 1
  m_FillClockwise: 1
  m_FillOrigin: 2
--- !u!222 &1393828368
CanvasRenderer:
  m_ObjectHideFlags: 0
  m_PrefabParentObject: {fileID: 222186892986723044, guid: 5c12c195dfa93f0409146f9ac21ff5a6,
    type: 2}
  m_PrefabInternal: {fileID: 0}
  m_GameObject: {fileID: 1393828361}
--- !u!1 &1463865475
GameObject:
  m_ObjectHideFlags: 0
  m_PrefabParentObject: {fileID: 1317824391854246, guid: 5c12c195dfa93f0409146f9ac21ff5a6,
    type: 2}
  m_PrefabInternal: {fileID: 0}
  serializedVersion: 5
  m_Component:
  - component: {fileID: 1463865476}
  - component: {fileID: 1463865482}
  - component: {fileID: 1463865481}
  - component: {fileID: 1463865480}
  - component: {fileID: 1463865479}
  - component: {fileID: 1463865478}
  - component: {fileID: 1463865477}
  m_Layer: 5
  m_Name: ButtonRetry
  m_TagString: Untagged
  m_Icon: {fileID: 0}
  m_NavMeshLayer: 0
  m_StaticEditorFlags: 0
  m_IsActive: 1
--- !u!224 &1463865476
RectTransform:
  m_ObjectHideFlags: 0
  m_PrefabParentObject: {fileID: 224614028379045924, guid: 5c12c195dfa93f0409146f9ac21ff5a6,
    type: 2}
  m_PrefabInternal: {fileID: 0}
  m_GameObject: {fileID: 1463865475}
  m_LocalRotation: {x: -0, y: -0, z: -0, w: 1}
  m_LocalPosition: {x: 0, y: 0, z: 0}
  m_LocalScale: {x: 1, y: 1, z: 1}
  m_Children:
  - {fileID: 2011925973}
  m_Father: {fileID: 624337929}
  m_RootOrder: 0
  m_LocalEulerAnglesHint: {x: 0, y: 0, z: 0}
  m_AnchorMin: {x: 0.5, y: 0.5}
  m_AnchorMax: {x: 0.5, y: 0.5}
  m_AnchoredPosition: {x: 0, y: 0}
  m_SizeDelta: {x: 400, y: 80}
  m_Pivot: {x: 0.5, y: 0.5}
--- !u!114 &1463865477
MonoBehaviour:
  m_ObjectHideFlags: 0
  m_PrefabParentObject: {fileID: 114551863735187904, guid: 5c12c195dfa93f0409146f9ac21ff5a6,
    type: 2}
  m_PrefabInternal: {fileID: 0}
  m_GameObject: {fileID: 1463865475}
  m_Enabled: 1
  m_EditorHideFlags: 0
  m_Script: {fileID: -1862395651, guid: f70555f144d8491a825f0804e09c671c, type: 3}
  m_Name: 
  m_EditorClassIdentifier: 
  m_Delegates:
  - eventID: 0
    callback:
      m_PersistentCalls:
        m_Calls:
        - m_Target: {fileID: 1463865478}
          m_MethodName: HoverSound
          m_Mode: 1
          m_Arguments:
            m_ObjectArgument: {fileID: 0}
            m_ObjectArgumentAssemblyTypeName: UnityEngine.Object, UnityEngine
            m_IntArgument: 0
            m_FloatArgument: 0
            m_StringArgument: 
            m_BoolArgument: 0
          m_CallState: 2
      m_TypeName: UnityEngine.EventSystems.EventTrigger+TriggerEvent, UnityEngine.UI,
        Version=1.0.0.0, Culture=neutral, PublicKeyToken=null
  - eventID: 2
    callback:
      m_PersistentCalls:
        m_Calls:
        - m_Target: {fileID: 1463865478}
          m_MethodName: ClickSound
          m_Mode: 1
          m_Arguments:
            m_ObjectArgument: {fileID: 0}
            m_ObjectArgumentAssemblyTypeName: UnityEngine.Object, UnityEngine
            m_IntArgument: 0
            m_FloatArgument: 0
            m_StringArgument: 
            m_BoolArgument: 0
          m_CallState: 2
      m_TypeName: UnityEngine.EventSystems.EventTrigger+TriggerEvent, UnityEngine.UI,
        Version=1.0.0.0, Culture=neutral, PublicKeyToken=null
  delegates: []
--- !u!114 &1463865478
MonoBehaviour:
  m_ObjectHideFlags: 0
  m_PrefabParentObject: {fileID: 114978240310653830, guid: 5c12c195dfa93f0409146f9ac21ff5a6,
    type: 2}
  m_PrefabInternal: {fileID: 0}
  m_GameObject: {fileID: 1463865475}
  m_Enabled: 1
  m_EditorHideFlags: 0
  m_Script: {fileID: 11500000, guid: a5b9373ed5982ec4f863153140e8dd3e, type: 3}
  m_Name: 
  m_EditorClassIdentifier: 
  myFX: {fileID: 1463865479}
  hoverFX: {fileID: 8300000, guid: ad5154133dfbc87498d5e78e3fff6fac, type: 3}
  clickFX: {fileID: 8300000, guid: 65c6b9d4bab84b2469ee7978d75831d1, type: 3}
--- !u!82 &1463865479
AudioSource:
  m_ObjectHideFlags: 0
  m_PrefabParentObject: {fileID: 82340106695572496, guid: 5c12c195dfa93f0409146f9ac21ff5a6,
    type: 2}
  m_PrefabInternal: {fileID: 0}
  m_GameObject: {fileID: 1463865475}
  m_Enabled: 1
  serializedVersion: 4
  OutputAudioMixerGroup: {fileID: 0}
  m_audioClip: {fileID: 0}
  m_PlayOnAwake: 1
  m_Volume: 1
  m_Pitch: 1
  Loop: 0
  Mute: 0
  Spatialize: 0
  SpatializePostEffects: 0
  Priority: 128
  DopplerLevel: 1
  MinDistance: 1
  MaxDistance: 500
  Pan2D: 0
  rolloffMode: 0
  BypassEffects: 0
  BypassListenerEffects: 0
  BypassReverbZones: 0
  rolloffCustomCurve:
    serializedVersion: 2
    m_Curve:
    - serializedVersion: 2
      time: 0
      value: 1
      inSlope: 0
      outSlope: 0
      tangentMode: 0
    - serializedVersion: 2
      time: 1
      value: 0
      inSlope: 0
      outSlope: 0
      tangentMode: 0
    m_PreInfinity: 2
    m_PostInfinity: 2
    m_RotationOrder: 4
  panLevelCustomCurve:
    serializedVersion: 2
    m_Curve:
    - serializedVersion: 2
      time: 0
      value: 0
      inSlope: 0
      outSlope: 0
      tangentMode: 0
    m_PreInfinity: 2
    m_PostInfinity: 2
    m_RotationOrder: 0
  spreadCustomCurve:
    serializedVersion: 2
    m_Curve:
    - serializedVersion: 2
      time: 0
      value: 0
      inSlope: 0
      outSlope: 0
      tangentMode: 0
    m_PreInfinity: 2
    m_PostInfinity: 2
    m_RotationOrder: 4
  reverbZoneMixCustomCurve:
    serializedVersion: 2
    m_Curve:
    - serializedVersion: 2
      time: 0
      value: 1
      inSlope: 0
      outSlope: 0
      tangentMode: 0
    m_PreInfinity: 2
    m_PostInfinity: 2
    m_RotationOrder: 0
--- !u!114 &1463865480
MonoBehaviour:
  m_ObjectHideFlags: 0
  m_PrefabParentObject: {fileID: 114768322624418054, guid: 5c12c195dfa93f0409146f9ac21ff5a6,
    type: 2}
  m_PrefabInternal: {fileID: 0}
  m_GameObject: {fileID: 1463865475}
  m_Enabled: 1
  m_EditorHideFlags: 0
  m_Script: {fileID: 1392445389, guid: f70555f144d8491a825f0804e09c671c, type: 3}
  m_Name: 
  m_EditorClassIdentifier: 
  m_Navigation:
    m_Mode: 3
    m_SelectOnUp: {fileID: 0}
    m_SelectOnDown: {fileID: 0}
    m_SelectOnLeft: {fileID: 0}
    m_SelectOnRight: {fileID: 0}
  m_Transition: 1
  m_Colors:
    m_NormalColor: {r: 0.2901961, g: 0.147, b: 0.797, a: 1}
    m_HighlightedColor: {r: 0.072, g: 0.609, b: 0.947, a: 1}
    m_PressedColor: {r: 1, g: 0.2784314, b: 0.7607843, a: 1}
    m_DisabledColor: {r: 0.78431374, g: 0.78431374, b: 0.78431374, a: 0.5019608}
    m_ColorMultiplier: 1
    m_FadeDuration: 0.1
  m_SpriteState:
    m_HighlightedSprite: {fileID: 0}
    m_PressedSprite: {fileID: 0}
    m_DisabledSprite: {fileID: 0}
  m_AnimationTriggers:
    m_NormalTrigger: Normal
    m_HighlightedTrigger: Highlighted
    m_PressedTrigger: Pressed
    m_DisabledTrigger: Disabled
  m_Interactable: 1
  m_TargetGraphic: {fileID: 1463865481}
  m_OnClick:
    m_PersistentCalls:
      m_Calls:
      - m_Target: {fileID: 1610578079}
        m_MethodName: ButtonRetry
        m_Mode: 5
        m_Arguments:
          m_ObjectArgument: {fileID: 0}
          m_ObjectArgumentAssemblyTypeName: UnityEngine.Object, UnityEngine
          m_IntArgument: 0
          m_FloatArgument: 0
          m_StringArgument: Level_1
          m_BoolArgument: 0
        m_CallState: 2
    m_TypeName: UnityEngine.UI.Button+ButtonClickedEvent, UnityEngine.UI, Version=1.0.0.0,
      Culture=neutral, PublicKeyToken=null
--- !u!114 &1463865481
MonoBehaviour:
  m_ObjectHideFlags: 0
  m_PrefabParentObject: {fileID: 114667586606548210, guid: 5c12c195dfa93f0409146f9ac21ff5a6,
    type: 2}
  m_PrefabInternal: {fileID: 0}
  m_GameObject: {fileID: 1463865475}
  m_Enabled: 1
  m_EditorHideFlags: 0
  m_Script: {fileID: -765806418, guid: f70555f144d8491a825f0804e09c671c, type: 3}
  m_Name: 
  m_EditorClassIdentifier: 
  m_Material: {fileID: 0}
  m_Color: {r: 1, g: 1, b: 1, a: 1}
  m_RaycastTarget: 1
  m_OnCullStateChanged:
    m_PersistentCalls:
      m_Calls: []
    m_TypeName: UnityEngine.UI.MaskableGraphic+CullStateChangedEvent, UnityEngine.UI,
      Version=1.0.0.0, Culture=neutral, PublicKeyToken=null
  m_Sprite: {fileID: 10905, guid: 0000000000000000f000000000000000, type: 0}
  m_Type: 1
  m_PreserveAspect: 0
  m_FillCenter: 0
  m_FillMethod: 4
  m_FillAmount: 1
  m_FillClockwise: 1
  m_FillOrigin: 0
--- !u!222 &1463865482
CanvasRenderer:
  m_ObjectHideFlags: 0
  m_PrefabParentObject: {fileID: 222280832017178692, guid: 5c12c195dfa93f0409146f9ac21ff5a6,
    type: 2}
  m_PrefabInternal: {fileID: 0}
  m_GameObject: {fileID: 1463865475}
--- !u!1 &1610578078
GameObject:
  m_ObjectHideFlags: 0
  m_PrefabParentObject: {fileID: 1503252007615748, guid: 5c12c195dfa93f0409146f9ac21ff5a6,
    type: 2}
  m_PrefabInternal: {fileID: 0}
  serializedVersion: 5
  m_Component:
  - component: {fileID: 1610578080}
  - component: {fileID: 1610578079}
  m_Layer: 0
  m_Name: ButtonManagerObj
  m_TagString: Untagged
  m_Icon: {fileID: 0}
  m_NavMeshLayer: 0
  m_StaticEditorFlags: 0
  m_IsActive: 1
--- !u!114 &1610578079
MonoBehaviour:
  m_ObjectHideFlags: 0
  m_PrefabParentObject: {fileID: 114537979477232520, guid: 5c12c195dfa93f0409146f9ac21ff5a6,
    type: 2}
  m_PrefabInternal: {fileID: 0}
  m_GameObject: {fileID: 1610578078}
  m_Enabled: 1
  m_EditorHideFlags: 0
  m_Script: {fileID: 11500000, guid: 2bf4037e793563d4fb29eeccf95fadb3, type: 3}
  m_Name: 
  m_EditorClassIdentifier: 
--- !u!4 &1610578080
Transform:
  m_ObjectHideFlags: 0
  m_PrefabParentObject: {fileID: 4258928023622418, guid: 5c12c195dfa93f0409146f9ac21ff5a6,
    type: 2}
  m_PrefabInternal: {fileID: 0}
  m_GameObject: {fileID: 1610578078}
  m_LocalRotation: {x: -0, y: -0, z: -0, w: 1}
  m_LocalPosition: {x: 593.07056, y: 402.1357, z: -10.75}
  m_LocalScale: {x: 1, y: 1, z: 1}
  m_Children: []
  m_Father: {fileID: 0}
  m_RootOrder: 4
  m_LocalEulerAnglesHint: {x: 0, y: 0, z: 0}
--- !u!1 &1719420141
GameObject:
  m_ObjectHideFlags: 0
  m_PrefabParentObject: {fileID: 1727388593680170, guid: 5c12c195dfa93f0409146f9ac21ff5a6,
    type: 2}
  m_PrefabInternal: {fileID: 0}
  serializedVersion: 5
  m_Component:
  - component: {fileID: 1719420145}
  - component: {fileID: 1719420144}
  - component: {fileID: 1719420143}
  - component: {fileID: 1719420142}
  m_Layer: 5
  m_Name: Canvas
  m_TagString: Untagged
  m_Icon: {fileID: 0}
  m_NavMeshLayer: 0
  m_StaticEditorFlags: 0
  m_IsActive: 1
--- !u!114 &1719420142
MonoBehaviour:
  m_ObjectHideFlags: 0
  m_PrefabParentObject: {fileID: 114214560389539478, guid: 5c12c195dfa93f0409146f9ac21ff5a6,
    type: 2}
  m_PrefabInternal: {fileID: 0}
  m_GameObject: {fileID: 1719420141}
  m_Enabled: 1
  m_EditorHideFlags: 0
  m_Script: {fileID: 1301386320, guid: f70555f144d8491a825f0804e09c671c, type: 3}
  m_Name: 
  m_EditorClassIdentifier: 
  m_IgnoreReversedGraphics: 1
  m_BlockingObjects: 0
  m_BlockingMask:
    serializedVersion: 2
    m_Bits: 4294967295
--- !u!114 &1719420143
MonoBehaviour:
  m_ObjectHideFlags: 0
  m_PrefabParentObject: {fileID: 114847124175559522, guid: 5c12c195dfa93f0409146f9ac21ff5a6,
    type: 2}
  m_PrefabInternal: {fileID: 0}
  m_GameObject: {fileID: 1719420141}
  m_Enabled: 1
  m_EditorHideFlags: 0
  m_Script: {fileID: 1980459831, guid: f70555f144d8491a825f0804e09c671c, type: 3}
  m_Name: 
  m_EditorClassIdentifier: 
  m_UiScaleMode: 1
  m_ReferencePixelsPerUnit: 100
  m_ScaleFactor: 1
  m_ReferenceResolution: {x: 1280, y: 720}
  m_ScreenMatchMode: 0
  m_MatchWidthOrHeight: 0
  m_PhysicalUnit: 3
  m_FallbackScreenDPI: 96
  m_DefaultSpriteDPI: 96
  m_DynamicPixelsPerUnit: 1
--- !u!223 &1719420144
Canvas:
  m_ObjectHideFlags: 0
  m_PrefabParentObject: {fileID: 223595902277750148, guid: 5c12c195dfa93f0409146f9ac21ff5a6,
    type: 2}
  m_PrefabInternal: {fileID: 0}
  m_GameObject: {fileID: 1719420141}
  m_Enabled: 1
  serializedVersion: 3
  m_RenderMode: 0
  m_Camera: {fileID: 0}
  m_PlaneDistance: 100
  m_PixelPerfect: 0
  m_ReceivesEvents: 1
  m_OverrideSorting: 0
  m_OverridePixelPerfect: 0
  m_SortingBucketNormalizedSize: 0
  m_AdditionalShaderChannelsFlag: 0
  m_SortingLayerID: 0
  m_SortingOrder: 0
  m_TargetDisplay: 0
--- !u!224 &1719420145
RectTransform:
  m_ObjectHideFlags: 0
  m_PrefabParentObject: {fileID: 224918659058795398, guid: 5c12c195dfa93f0409146f9ac21ff5a6,
    type: 2}
  m_PrefabInternal: {fileID: 0}
  m_GameObject: {fileID: 1719420141}
  m_LocalRotation: {x: 0, y: 0, z: 0, w: 1}
  m_LocalPosition: {x: 0, y: 0, z: 0}
  m_LocalScale: {x: 0, y: 0, z: 0}
  m_Children:
  - {fileID: 2059846781}
  - {fileID: 1365796521}
  - {fileID: 624337929}
  - {fileID: 969518203}
  - {fileID: 998158926}
  - {fileID: 468834190}
  - {fileID: 1019418349}
  m_Father: {fileID: 0}
  m_RootOrder: 2
  m_LocalEulerAnglesHint: {x: 0, y: 0, z: 0}
  m_AnchorMin: {x: 0, y: 0}
  m_AnchorMax: {x: 0, y: 0}
  m_AnchoredPosition: {x: 0, y: 0}
  m_SizeDelta: {x: 0, y: 0}
  m_Pivot: {x: 0, y: 0}
--- !u!1 &2011925972
GameObject:
  m_ObjectHideFlags: 0
  m_PrefabParentObject: {fileID: 1503611117710604, guid: 5c12c195dfa93f0409146f9ac21ff5a6,
    type: 2}
  m_PrefabInternal: {fileID: 0}
  serializedVersion: 5
  m_Component:
  - component: {fileID: 2011925973}
  - component: {fileID: 2011925975}
  - component: {fileID: 2011925974}
  m_Layer: 5
  m_Name: Text
  m_TagString: Untagged
  m_Icon: {fileID: 0}
  m_NavMeshLayer: 0
  m_StaticEditorFlags: 0
  m_IsActive: 1
--- !u!224 &2011925973
RectTransform:
  m_ObjectHideFlags: 0
  m_PrefabParentObject: {fileID: 224458741077133122, guid: 5c12c195dfa93f0409146f9ac21ff5a6,
    type: 2}
  m_PrefabInternal: {fileID: 0}
  m_GameObject: {fileID: 2011925972}
  m_LocalRotation: {x: 0, y: 0, z: 0, w: 1}
  m_LocalPosition: {x: 0, y: 0, z: 0}
  m_LocalScale: {x: 1, y: 1, z: 1}
  m_Children: []
  m_Father: {fileID: 1463865476}
  m_RootOrder: 0
  m_LocalEulerAnglesHint: {x: 0, y: 0, z: 0}
  m_AnchorMin: {x: 0, y: 0}
  m_AnchorMax: {x: 1, y: 1}
  m_AnchoredPosition: {x: 0, y: 0}
  m_SizeDelta: {x: 0, y: 0}
  m_Pivot: {x: 0.5, y: 0.5}
--- !u!114 &2011925974
MonoBehaviour:
  m_ObjectHideFlags: 0
  m_PrefabParentObject: {fileID: 114016629413339024, guid: 5c12c195dfa93f0409146f9ac21ff5a6,
    type: 2}
  m_PrefabInternal: {fileID: 0}
  m_GameObject: {fileID: 2011925972}
  m_Enabled: 1
  m_EditorHideFlags: 0
  m_Script: {fileID: 708705254, guid: f70555f144d8491a825f0804e09c671c, type: 3}
  m_Name: 
  m_EditorClassIdentifier: 
  m_Material: {fileID: 0}
  m_Color: {r: 1, g: 0.2784314, b: 0.7607843, a: 1}
  m_RaycastTarget: 1
  m_OnCullStateChanged:
    m_PersistentCalls:
      m_Calls: []
    m_TypeName: UnityEngine.UI.MaskableGraphic+CullStateChangedEvent, UnityEngine.UI,
      Version=1.0.0.0, Culture=neutral, PublicKeyToken=null
  m_FontData:
    m_Font: {fileID: 12800000, guid: ccd49eeea242b9d49b0a1ddc532c6f75, type: 3}
    m_FontSize: 45
    m_FontStyle: 1
    m_BestFit: 0
    m_MinSize: 0
    m_MaxSize: 50
    m_Alignment: 4
    m_AlignByGeometry: 0
    m_RichText: 1
    m_HorizontalOverflow: 0
    m_VerticalOverflow: 0
    m_LineSpacing: 1
  m_Text: RETRY
--- !u!222 &2011925975
CanvasRenderer:
  m_ObjectHideFlags: 0
  m_PrefabParentObject: {fileID: 222105011830816882, guid: 5c12c195dfa93f0409146f9ac21ff5a6,
    type: 2}
  m_PrefabInternal: {fileID: 0}
  m_GameObject: {fileID: 2011925972}
--- !u!1 &2059846780
GameObject:
  m_ObjectHideFlags: 0
  m_PrefabParentObject: {fileID: 1191375714270188, guid: 5c12c195dfa93f0409146f9ac21ff5a6,
    type: 2}
  m_PrefabInternal: {fileID: 0}
  serializedVersion: 5
  m_Component:
  - component: {fileID: 2059846781}
  - component: {fileID: 2059846783}
  - component: {fileID: 2059846782}
  m_Layer: 5
  m_Name: Background
  m_TagString: Untagged
  m_Icon: {fileID: 0}
  m_NavMeshLayer: 0
  m_StaticEditorFlags: 0
  m_IsActive: 1
--- !u!224 &2059846781
RectTransform:
  m_ObjectHideFlags: 0
  m_PrefabParentObject: {fileID: 224994374021697392, guid: 5c12c195dfa93f0409146f9ac21ff5a6,
    type: 2}
  m_PrefabInternal: {fileID: 0}
  m_GameObject: {fileID: 2059846780}
  m_LocalRotation: {x: -0, y: -0, z: -0, w: 1}
  m_LocalPosition: {x: 0, y: 0, z: 0}
  m_LocalScale: {x: 1, y: 1, z: 1}
  m_Children: []
  m_Father: {fileID: 1719420145}
  m_RootOrder: 0
  m_LocalEulerAnglesHint: {x: 0, y: 0, z: 0}
  m_AnchorMin: {x: 0.5, y: 0.5}
  m_AnchorMax: {x: 0.5, y: 0.5}
  m_AnchoredPosition: {x: 0.000030517578, y: -0.000041485}
  m_SizeDelta: {x: 1280, y: 991}
  m_Pivot: {x: 0.5, y: 0.5}
--- !u!114 &2059846782
MonoBehaviour:
  m_ObjectHideFlags: 0
  m_PrefabParentObject: {fileID: 114613600361685218, guid: 5c12c195dfa93f0409146f9ac21ff5a6,
    type: 2}
  m_PrefabInternal: {fileID: 0}
  m_GameObject: {fileID: 2059846780}
  m_Enabled: 1
  m_EditorHideFlags: 0
  m_Script: {fileID: -765806418, guid: f70555f144d8491a825f0804e09c671c, type: 3}
  m_Name: 
  m_EditorClassIdentifier: 
  m_Material: {fileID: 0}
  m_Color: {r: 1, g: 1, b: 1, a: 1}
  m_RaycastTarget: 1
  m_OnCullStateChanged:
    m_PersistentCalls:
      m_Calls: []
    m_TypeName: UnityEngine.UI.MaskableGraphic+CullStateChangedEvent, UnityEngine.UI,
      Version=1.0.0.0, Culture=neutral, PublicKeyToken=null
  m_Sprite: {fileID: 21300000, guid: b3f9604deaef3fa47a18f656b94415b2, type: 3}
  m_Type: 0
  m_PreserveAspect: 0
  m_FillCenter: 1
  m_FillMethod: 4
  m_FillAmount: 1
  m_FillClockwise: 1
  m_FillOrigin: 0
--- !u!222 &2059846783
CanvasRenderer:
  m_ObjectHideFlags: 0
  m_PrefabParentObject: {fileID: 222371418239397010, guid: 5c12c195dfa93f0409146f9ac21ff5a6,
    type: 2}
  m_PrefabInternal: {fileID: 0}
  m_GameObject: {fileID: 2059846780}
--- !u!1 &2121250860
GameObject:
  m_ObjectHideFlags: 0
  m_PrefabParentObject: {fileID: 1629101269225348, guid: 5c12c195dfa93f0409146f9ac21ff5a6,
    type: 2}
  m_PrefabInternal: {fileID: 0}
  serializedVersion: 5
  m_Component:
  - component: {fileID: 2121250863}
  - component: {fileID: 2121250862}
  - component: {fileID: 2121250861}
  m_Layer: 0
  m_Name: EventSystem
  m_TagString: Untagged
  m_Icon: {fileID: 0}
  m_NavMeshLayer: 0
  m_StaticEditorFlags: 0
  m_IsActive: 1
--- !u!114 &2121250861
MonoBehaviour:
  m_ObjectHideFlags: 0
  m_PrefabParentObject: {fileID: 114728465938245940, guid: 5c12c195dfa93f0409146f9ac21ff5a6,
    type: 2}
  m_PrefabInternal: {fileID: 0}
  m_GameObject: {fileID: 2121250860}
  m_Enabled: 1
  m_EditorHideFlags: 0
  m_Script: {fileID: 1077351063, guid: f70555f144d8491a825f0804e09c671c, type: 3}
  m_Name: 
  m_EditorClassIdentifier: 
  m_HorizontalAxis: Horizontal
  m_VerticalAxis: Vertical
  m_SubmitButton: Submit
  m_CancelButton: Cancel
  m_InputActionsPerSecond: 10
  m_RepeatDelay: 0.5
  m_ForceModuleActive: 0
--- !u!114 &2121250862
MonoBehaviour:
  m_ObjectHideFlags: 0
  m_PrefabParentObject: {fileID: 114895188421310684, guid: 5c12c195dfa93f0409146f9ac21ff5a6,
    type: 2}
  m_PrefabInternal: {fileID: 0}
  m_GameObject: {fileID: 2121250860}
  m_Enabled: 1
  m_EditorHideFlags: 0
  m_Script: {fileID: -619905303, guid: f70555f144d8491a825f0804e09c671c, type: 3}
  m_Name: 
  m_EditorClassIdentifier: 
  m_FirstSelected: {fileID: 0}
  m_sendNavigationEvents: 1
  m_DragThreshold: 5
--- !u!4 &2121250863
Transform:
  m_ObjectHideFlags: 0
  m_PrefabParentObject: {fileID: 4568215109004100, guid: 5c12c195dfa93f0409146f9ac21ff5a6,
    type: 2}
  m_PrefabInternal: {fileID: 0}
  m_GameObject: {fileID: 2121250860}
  m_LocalRotation: {x: -0, y: -0, z: -0, w: 1}
  m_LocalPosition: {x: 0, y: 0, z: 0}
  m_LocalScale: {x: 1, y: 1, z: 1}
  m_Children: []
  m_Father: {fileID: 0}
  m_RootOrder: 3
  m_LocalEulerAnglesHint: {x: 0, y: 0, z: 0}
